@article{1,
title={Mass shootings in America: Newtown},
author={Fox, J. and DeLateur, M.}
journal= {Homicide Studies},
volume = {18},
number = {1},
pages{125-145},
year= {2014}
}

@article{2,
title={New Media Framing of Serious Mental Illness and Gun Violence in the United States, 1997-2012},
author={McGinty, E. and Webster, D. and Jarlenski, M. and Barry, C.}
journal= {American Journal of Public Health},
volume = {104},
number = {3},
pages{406-413},
year= {2014}
}

@article{3,
author={Knoll, J. and Annas, G.}
title= "Mass Shootings and Mental Illness",
year="2016"
}

@misc{5, title={Florida Gun Laws}, url={https://lawcenter.giffords.org/gun-laws/state-law/florida/}, journal={Giffords Law Center to Prevent Gun Violence}}

@misc{7, title={Ammunition Regulation in Florida}, url={https://lawcenter.giffords.org/ammunition-regulation-in-florida/}, journal={Giffords Law Center to Prevent Gun Violence}, year={2019}, month={Oct}}

@misc{8, title={Extreme Risk Protection Orders in Florida}, url={https://lawcenter.giffords.org/extreme-risk-protection-orders-in-florida/}, journal={Giffords Law Center to Prevent Gun Violence}, year={2019}, month={Dec}}

@misc{6, title={North Carolina Gun Laws}, url={https://lawcenter.giffords.org/gun-laws/state-law/north-carolina/}, journal={Giffords Law Center to Prevent Gun Violence}}

@misc{4, title={Giffords Law Center's Annual Gun Law Scorecard}, url={https://lawcenter.giffords.org/scorecard/}, journal={Gun Law Scorecard}}